[gd_scene load_steps=23 format=2]

[ext_resource path="res://scripts/ProgressBar.gd" type="Script" id=1]
[ext_resource path="res://assets/queue.png" type="Texture" id=2]
[ext_resource path="res://scripts/PlayerOne.gd" type="Script" id=3]
[ext_resource path="res://scripts/PlayerTwo.gd" type="Script" id=4]
[ext_resource path="res://scripts/MainGame.gd" type="Script" id=5]
[ext_resource path="res://assets/fonts/title.tres" type="DynamicFont" id=6]
[ext_resource path="res://assets/fonts/description.tres" type="DynamicFont" id=7]
[ext_resource path="res://scripts/BlockInfo.gd" type="Script" id=8]
[ext_resource path="res://scenes/PointDisplay.tscn" type="PackedScene" id=9]
[ext_resource path="res://scenes/QueueDisplay.tscn" type="PackedScene" id=10]
[ext_resource path="res://scenes/Pause.gd" type="Script" id=11]
[ext_resource path="res://scripts/PlayerDebug.gd" type="Script" id=12]
[ext_resource path="res://scripts/QueueDebug.gd" type="Script" id=13]
[ext_resource path="res://scripts/StateDebug.gd" type="Script" id=14]

[sub_resource type="StyleBoxFlat" id=1]
bg_color = Color( 0.741176, 0.607843, 0.956863, 1 )

[sub_resource type="StyleBoxFlat" id=2]
bg_color = Color( 0.945098, 0.560784, 0.811765, 1 )

[sub_resource type="Gradient" id=7]
offsets = PoolRealArray( 0, 0.00328947, 0.990132, 0.993421, 0.996711, 1 )
colors = PoolColorArray( 0, 0, 0, 1, 0.555921, 0.555921, 0.555921, 1, 0.626096, 0.626096, 0.626096, 1, 0.785517, 0.785517, 0.785517, 1, 0.834386, 0.834386, 0.834386, 1, 1, 1, 1, 1 )

[sub_resource type="GradientTexture" id=8]
gradient = SubResource( 7 )
width = 812

[sub_resource type="StyleBoxFlat" id=3]
bg_color = Color( 0.32549, 0.317647, 0.317647, 0.752941 )

[sub_resource type="StyleBoxFlat" id=4]
bg_color = Color( 0.447059, 0.447059, 0.447059, 1 )
corner_radius_top_left = 20
corner_radius_top_right = 20
corner_radius_bottom_right = 20
corner_radius_bottom_left = 20

[sub_resource type="StyleBoxFlat" id=5]
bg_color = Color( 0.486275, 0.278431, 0.54902, 1 )
corner_radius_top_left = 20
corner_radius_top_right = 20
corner_radius_bottom_right = 20
corner_radius_bottom_left = 20

[sub_resource type="StyleBoxFlat" id=6]
bg_color = Color( 0.921569, 1, 0, 0.627451 )
border_width_left = 1
border_width_top = 1
border_width_right = 1
border_width_bottom = 1
border_color = Color( 1, 0, 0, 0.498039 )

[node name="MainGame" type="ColorRect"]
anchor_right = 1.0
anchor_bottom = 1.0
margin_top = -6.34967
margin_bottom = -6.34961
color = Color( 0.666667, 0.937255, 1, 1 )
script = ExtResource( 5 )
__meta__ = {
"_edit_horizontal_guides_": [ -1904.84 ]
}

[node name="PlayerOne" type="MarginContainer" parent="."]
anchor_right = 1.0
margin_left = 2.77783
margin_right = 2.77783
margin_bottom = 775.0
custom_constants/margin_right = 20
custom_constants/margin_top = 50
custom_constants/margin_left = 20
custom_constants/margin_bottom = 20

[node name="PlayerOne" type="HBoxContainer" parent="PlayerOne"]
margin_left = 20.0
margin_top = 50.0
margin_right = 2712.0
margin_bottom = 987.0
size_flags_horizontal = 3
custom_constants/separation = 60
alignment = 1
script = ExtResource( 3 )
display_name = "Player One"

[node name="CancelledContainer" type="VBoxContainer" parent="PlayerOne/PlayerOne"]
margin_right = 1080.0
margin_bottom = 937.0
size_flags_horizontal = 3
__meta__ = {
"_edit_use_anchors_": false
}

[node name="Cancelled" type="ColorRect" parent="PlayerOne/PlayerOne/CancelledContainer"]
margin_right = 1080.0
margin_bottom = 700.0
rect_min_size = Vector2( 1000, 700 )
size_flags_horizontal = 3
color = Color( 0.933333, 0.576471, 0.576471, 1 )

[node name="Contents" type="HBoxContainer" parent="PlayerOne/PlayerOne/CancelledContainer/Cancelled"]
anchor_right = 1.0
anchor_bottom = 1.0
margin_left = 75.0
margin_top = 40.6602
margin_right = -85.0
margin_bottom = -59.3398
custom_constants/separation = -250
__meta__ = {
"_edit_use_anchors_": false
}

[node name="Label" type="Label" parent="PlayerOne/PlayerOne/CancelledContainer"]
margin_top = 704.0
margin_right = 1080.0
margin_bottom = 937.0
rect_min_size = Vector2( 0, 233 )
custom_colors/font_color = Color( 0.784314, 0.592157, 0.592157, 1 )
custom_fonts/font = ExtResource( 7 )
text = "Cancelled"
align = 1
__meta__ = {
"_edit_use_anchors_": false
}

[node name="Live" type="ColorRect" parent="PlayerOne/PlayerOne"]
margin_left = 1140.0
margin_right = 1820.0
margin_bottom = 937.0
rect_min_size = Vector2( 680, 680 )
color = Color( 0.780392, 1, 0.901961, 1 )

[node name="Contents" type="MarginContainer" parent="PlayerOne/PlayerOne/Live"]
anchor_right = 1.0
anchor_bottom = 1.0
margin_left = 50.0
margin_top = 47.6651
margin_right = -50.0
margin_bottom = -52.3349
size_flags_horizontal = 3
size_flags_vertical = 3

[node name="QueueContainer" type="VBoxContainer" parent="PlayerOne/PlayerOne"]
margin_left = 1880.0
margin_right = 2692.0
margin_bottom = 937.0
custom_constants/separation = 10

[node name="Queue" type="TextureRect" parent="PlayerOne/PlayerOne/QueueContainer"]
margin_right = 812.0
margin_bottom = 456.0
texture = ExtResource( 2 )
__meta__ = {
"_edit_use_anchors_": false
}

[node name="Contents" type="HBoxContainer" parent="PlayerOne/PlayerOne/QueueContainer/Queue"]
anchor_right = 1.0
anchor_bottom = 1.0
margin_left = 57.0046
margin_top = 50.0001
margin_right = -42.9954
margin_bottom = -49.9999
custom_constants/separation = 40
alignment = 2
__meta__ = {
"_edit_use_anchors_": false
}

[node name="Label" type="Label" parent="PlayerOne/PlayerOne/QueueContainer"]
margin_top = 466.0
margin_right = 812.0
margin_bottom = 699.0
rect_min_size = Vector2( 0, 233 )
custom_colors/font_color = Color( 0.592157, 0.784314, 0.698039, 1 )
custom_fonts/font = ExtResource( 7 )
text = "Up Next"
align = 1

[node name="PointDisplay" parent="PlayerOne" instance=ExtResource( 9 )]
margin_top = 518.0
margin_bottom = 518.0

[node name="ProgressBar" type="ProgressBar" parent="."]
anchor_left = 0.5
anchor_top = 0.5
anchor_right = 0.5
anchor_bottom = 0.5
margin_left = -1316.0
margin_top = -50.0
margin_right = 1316.0
margin_bottom = 50.0
rect_min_size = Vector2( 0, 100 )
custom_styles/fg = SubResource( 1 )
custom_styles/bg = SubResource( 2 )
value = 50.0
percent_visible = false
script = ExtResource( 1 )

[node name="PlayerTwo" type="MarginContainer" parent="."]
anchor_top = 1.0
anchor_right = 1.0
anchor_bottom = 1.0
margin_top = -1007.0
custom_constants/margin_right = 20
custom_constants/margin_top = 20
custom_constants/margin_left = 20
custom_constants/margin_bottom = 50

[node name="PlayerTwo" type="HBoxContainer" parent="PlayerTwo"]
margin_left = 20.0
margin_top = 20.0
margin_right = 2712.0
margin_bottom = 957.0
size_flags_horizontal = 3
custom_constants/separation = 60
alignment = 1
script = ExtResource( 4 )
display_name = "Player Two"
is_human = true

[node name="QueueContainer" type="VBoxContainer" parent="PlayerTwo/PlayerTwo"]
margin_right = 892.0
margin_bottom = 937.0
size_flags_horizontal = 3
custom_constants/separation = 10

[node name="Label" type="Label" parent="PlayerTwo/PlayerTwo/QueueContainer"]
margin_right = 892.0
margin_bottom = 233.0
rect_min_size = Vector2( 0, 233 )
custom_colors/font_color = Color( 0.592157, 0.784314, 0.698039, 1 )
custom_fonts/font = ExtResource( 7 )
text = "Up Next"
align = 1
valign = 2

[node name="Queue" type="TextureRect" parent="PlayerTwo/PlayerTwo/QueueContainer"]
margin_top = 243.0
margin_right = 892.0
margin_bottom = 937.0
rect_min_size = Vector2( 812, 0 )
size_flags_vertical = 3
texture = SubResource( 8 )
expand = true
__meta__ = {
"_edit_use_anchors_": false
}

[node name="Contents" type="HBoxContainer" parent="PlayerTwo/PlayerTwo/QueueContainer/Queue"]
anchor_right = 1.0
anchor_bottom = 1.0
margin_left = 57.0046
margin_top = 50.0001
margin_right = -42.9954
margin_bottom = -49.9999
custom_constants/separation = 40
alignment = 2

[node name="Live" type="ColorRect" parent="PlayerTwo/PlayerTwo"]
margin_left = 952.0
margin_right = 1632.0
margin_bottom = 937.0
rect_min_size = Vector2( 680, 680 )
color = Color( 0.780392, 1, 0.901961, 1 )
__meta__ = {
"_edit_use_anchors_": false
}

[node name="Contents" type="MarginContainer" parent="PlayerTwo/PlayerTwo/Live"]
anchor_right = 1.0
anchor_bottom = 1.0
margin_left = 50.0
margin_top = 47.2159
margin_right = -50.0
margin_bottom = -52.7841
size_flags_horizontal = 3
size_flags_vertical = 3

[node name="CancelledContainer" type="VBoxContainer" parent="PlayerTwo/PlayerTwo"]
margin_left = 1692.0
margin_right = 2692.0
margin_bottom = 937.0
size_flags_horizontal = 3

[node name="Label" type="Label" parent="PlayerTwo/PlayerTwo/CancelledContainer"]
margin_right = 1000.0
margin_bottom = 233.0
rect_min_size = Vector2( 0, 233 )
custom_colors/font_color = Color( 0.784314, 0.592157, 0.592157, 1 )
custom_fonts/font = ExtResource( 7 )
text = "Cancelled"
align = 1
valign = 2
__meta__ = {
"_edit_use_anchors_": false
}

[node name="Cancelled" type="ColorRect" parent="PlayerTwo/PlayerTwo/CancelledContainer"]
margin_top = 237.0
margin_right = 1000.0
margin_bottom = 937.0
grow_vertical = 0
rect_min_size = Vector2( 1000, 700 )
color = Color( 0.933333, 0.576471, 0.576471, 1 )

[node name="Contents" type="HBoxContainer" parent="PlayerTwo/PlayerTwo/CancelledContainer/Cancelled"]
anchor_right = 1.0
anchor_bottom = 1.0
margin_left = 77.5244
margin_top = 38.1358
margin_right = -82.4756
margin_bottom = -61.8642
custom_constants/separation = -250
alignment = 2
__meta__ = {
"_edit_use_anchors_": false
}

[node name="PointDisplay" parent="PlayerTwo" instance=ExtResource( 9 )]
margin_top = 488.0
margin_bottom = 488.0

[node name="TurnDelay" type="Timer" parent="."]
wait_time = 0.5
one_shot = true

[node name="RoundDelay" type="Timer" parent="."]
pause_mode = 2
wait_time = 2.0
one_shot = true

[node name="BlockInfo" type="PanelContainer" parent="."]
visible = false
anchor_left = 0.5
anchor_top = 0.5
anchor_right = 0.5
anchor_bottom = 0.5
margin_left = -1016.0
margin_top = -618.5
margin_right = 1016.0
margin_bottom = 618.5
grow_horizontal = 2
grow_vertical = 2
size_flags_horizontal = 3
size_flags_vertical = 3
custom_styles/panel = SubResource( 3 )
script = ExtResource( 8 )
__meta__ = {
"_edit_use_anchors_": false
}

[node name="MarginContainer" type="MarginContainer" parent="BlockInfo"]
margin_right = 2032.0
margin_bottom = 1237.0
size_flags_horizontal = 3
size_flags_vertical = 3
custom_constants/margin_right = 40
custom_constants/margin_top = 40
custom_constants/margin_left = 40
custom_constants/margin_bottom = 40

[node name="Contents" type="VBoxContainer" parent="BlockInfo/MarginContainer"]
margin_left = 40.0
margin_top = 40.0
margin_right = 1992.0
margin_bottom = 1197.0
size_flags_horizontal = 3
size_flags_vertical = 3
custom_constants/separation = 20
__meta__ = {
"_edit_use_anchors_": false
}

[node name="Name" type="Label" parent="BlockInfo/MarginContainer/Contents"]
margin_right = 1952.0
margin_bottom = 245.0
custom_fonts/font = ExtResource( 6 )
text = "Block Name"
align = 1
valign = 1

[node name="Description" type="Label" parent="BlockInfo/MarginContainer/Contents"]
margin_top = 265.0
margin_right = 1952.0
margin_bottom = 892.0
size_flags_horizontal = 3
size_flags_vertical = 6
custom_fonts/font = ExtResource( 7 )
text = "Exlanation of everything about this block, including special effects.


"
valign = 1
autowrap = true

[node name="Button" type="Button" parent="BlockInfo/MarginContainer/Contents"]
margin_left = 576.0
margin_top = 912.0
margin_right = 1376.0
margin_bottom = 1157.0
rect_min_size = Vector2( 800, 0 )
size_flags_horizontal = 6
size_flags_stretch_ratio = 2.0
custom_fonts/font = ExtResource( 6 )
custom_styles/hover = SubResource( 4 )
custom_styles/pressed = SubResource( 5 )
custom_styles/normal = SubResource( 4 )
shortcut_in_tooltip = false
text = "Play"
clip_text = true

[node name="WinDisplay" type="MarginContainer" parent="."]
visible = false
anchor_top = 0.5
anchor_right = 1.0
anchor_bottom = 0.5
margin_left = 300.0
margin_top = -300.0
margin_right = -400.0
margin_bottom = 300.0
__meta__ = {
"_edit_use_anchors_": false
}

[node name="ColorRect" type="ColorRect" parent="WinDisplay"]
modulate = Color( 1, 1, 1, 0.827451 )
margin_right = 2032.0
margin_bottom = 600.0
grow_horizontal = 2
rect_min_size = Vector2( 1000, 600 )
size_flags_horizontal = 3
size_flags_vertical = 3
color = Color( 0.0627451, 0.282353, 0.117647, 1 )
__meta__ = {
"_edit_use_anchors_": false
}

[node name="Label" type="Label" parent="WinDisplay"]
margin_top = 177.0
margin_right = 2032.0
margin_bottom = 422.0
size_flags_horizontal = 3
custom_fonts/font = ExtResource( 6 )
text = "Player One wins!"
align = 1

[node name="InfoDisplay" type="MarginContainer" parent="."]
visible = false
anchor_top = 0.5
anchor_right = 1.0
anchor_bottom = 0.5
margin_top = -61.5
margin_bottom = 61.5
grow_horizontal = 2
grow_vertical = 2
rect_min_size = Vector2( 1000, 0 )
size_flags_horizontal = 7
size_flags_vertical = 5
custom_constants/margin_right = 300
custom_constants/margin_left = 300
__meta__ = {
"_edit_use_anchors_": false
}

[node name="ColorRect" type="ColorRect" parent="InfoDisplay"]
modulate = Color( 1, 1, 1, 0.827451 )
margin_left = 300.0
margin_right = 2432.0
margin_bottom = 123.0
grow_horizontal = 2
grow_vertical = 2
size_flags_horizontal = 3
size_flags_vertical = 3
color = Color( 0.0627451, 0.25098, 0.282353, 1 )
__meta__ = {
"_edit_use_anchors_": false
}

[node name="Text" type="Label" parent="InfoDisplay"]
margin_left = 300.0
margin_right = 2432.0
margin_bottom = 123.0
size_flags_horizontal = 3
custom_fonts/font = ExtResource( 7 )
text = "Player One wins!"
align = 1
valign = 1
autowrap = true

[node name="QueueDisplay" parent="." instance=ExtResource( 10 )]

[node name="DebugDisplay" type="PanelContainer" parent="."]
visible = false
anchor_top = 0.5
anchor_bottom = 0.5
margin_top = -263.0
margin_right = 551.0
margin_bottom = 263.0
grow_horizontal = 2
grow_vertical = 2
size_flags_horizontal = 3
size_flags_vertical = 3
custom_styles/panel = SubResource( 6 )
__meta__ = {
"_edit_use_anchors_": false
}

[node name="Margin" type="MarginContainer" parent="DebugDisplay"]
margin_left = 1.0
margin_top = 1.0
margin_right = 550.0
margin_bottom = 525.0
grow_horizontal = 2
grow_vertical = 2
size_flags_horizontal = 3
size_flags_vertical = 3
custom_constants/margin_right = 10
custom_constants/margin_top = 10
custom_constants/margin_left = 10
custom_constants/margin_bottom = 10

[node name="List" type="VBoxContainer" parent="DebugDisplay/Margin"]
pause_mode = 2
margin_left = 10.0
margin_top = 10.0
margin_right = 539.0
margin_bottom = 514.0
grow_horizontal = 2
grow_vertical = 2
size_flags_horizontal = 3
size_flags_vertical = 3
alignment = 1

[node name="State" type="Label" parent="DebugDisplay/Margin/List"]
margin_right = 529.0
margin_bottom = 123.0
custom_colors/font_color = Color( 0, 0, 0, 1 )
custom_fonts/font = ExtResource( 7 )
text = "State"
script = ExtResource( 14 )
__meta__ = {
"_edit_use_anchors_": false
}

[node name="Player" type="Label" parent="DebugDisplay/Margin/List"]
margin_top = 127.0
margin_right = 529.0
margin_bottom = 250.0
custom_colors/font_color = Color( 0, 0, 0, 1 )
custom_fonts/font = ExtResource( 7 )
text = "Player Name"
script = ExtResource( 12 )
__meta__ = {
"_edit_use_anchors_": false
}

[node name="Queue" type="Label" parent="DebugDisplay/Margin/List"]
margin_top = 254.0
margin_right = 529.0
margin_bottom = 377.0
custom_colors/font_color = Color( 0, 0, 0, 1 )
custom_fonts/font = ExtResource( 7 )
text = "Queue:"
script = ExtResource( 13 )
__meta__ = {
"_edit_use_anchors_": false
}

[node name="Pause" type="Label" parent="DebugDisplay/Margin/List"]
pause_mode = 2
margin_top = 381.0
margin_right = 529.0
margin_bottom = 504.0
custom_colors/font_color = Color( 1, 0, 0, 1 )
custom_fonts/font = ExtResource( 7 )
text = "PAUSED"
script = ExtResource( 11 )

[connection signal="timeout" from="TurnDelay" to="." method="_on_TurnDelay_timeout"]
[connection signal="timeout" from="RoundDelay" to="." method="_on_RoundDelay_timeout"]
[connection signal="pressed" from="BlockInfo/MarginContainer/Contents/Button" to="BlockInfo" method="_on_Play_Button_pressed"]
